<?xml version="1.0" encoding="UTF-8"?><record xmlns="http://www.loc.gov/MARC21/slim" xmlns:cinclude="http://apache.org/cocoon/include/1.0" xmlns:zs="http://www.loc.gov/zing/srw/">
  <leader>00876cz  a2200169n  4500</leader>
  <controlfield tag="001">no2006048913</controlfield>
  <controlfield tag="003">DLC</controlfield>
  <controlfield tag="005">20060715071254.0</controlfield>
  <controlfield tag="008">060511n| acannaabn          |n aaa     c</controlfield>
  <datafield tag="010" ind1=" " ind2=" ">
    <subfield code="a">no2006048913</subfield>
  </datafield>
  <datafield tag="035" ind1=" " ind2=" ">
    <subfield code="a">(OCoLC)oca06936774</subfield>
  </datafield>
  <datafield tag="040" ind1=" " ind2=" ">
    <subfield code="a">NN</subfield>
    <subfield code="b">eng</subfield>
    <subfield code="c">NN</subfield>
    <subfield code="d">NN</subfield>
  </datafield>
  <datafield tag="100" ind1="1" ind2=" ">
    <subfield code="a">Colt, Harris D.</subfield>
    <subfield code="q">(Harris Dunscomb),</subfield>
    <subfield code="d">1861-1959</subfield>
  </datafield>
  <datafield tag="670" ind1=" " ind2=" ">
    <subfield code="a">History of the Society of Iconophiles of the city of New York, 1930:</subfield>
    <subfield code="b">t.p. (Harris D. Colt)</subfield>
  </datafield>
  <datafield tag="670" ind1=" " ind2=" ">
    <subfield code="a">Who was who in America, 1951-1960</subfield>
    <subfield code="b">(Colt, Harris Dunscomb, son of Harris and Catherine (Dunscomb), b. NYC, Mar. 19, 1861; d. Sept. 27, 1959; lawyer; son: H. Dunscomb)</subfield>
  </datafield>
  <datafield tag="670" ind1=" " ind2=" ">
    <subfield code="a">New York times, Sept. 29, 1959</subfield>
    <subfield code="b">(obituary: Harris Colt; Harris Dunscomb Colt; 98 years old; lawyer; son: H. Dunscombe [sic] Colt)</subfield>
  </datafield>
  <datafield tag="670" ind1=" " ind2=" ">
    <subfield code="a">OCLC, May 11, 2006</subfield>
    <subfield code="b">(hdgs.: Colt, Harris Dunscomb, 1861-; Colt, Harris Dunscomb, 1861-1959; usage: Harris D. Colt)</subfield>
  </datafield>
</record>